@article{abdalla2012three,
   author = {Abdalla, E and de Oliveira, J and Lima{-}Santos, A and Pavan, AB},
   title = {Three dimensional {Lifshitz} black hole and the {Korteweg de Vries} equation},
   journal = {Physics Letters B},
   volume = {709},
   number = {3},
   pages = {276-279.},
   year = {2012},
   type = {Journal Article}
}

@article{abdou2011quant,
   author = {Abdou, MA},
   title = {Quantum {Zakharov-Kuznetsov} equation by the homotopy analysis method and {Hirota} bilinear method},
   journal = {Nonlinear Science Letters B},
   volume = {1},
   number = {3},
   pages = {99-110.},
   year = {2011},
   type = {Journal Article}
}

@article{adomian1988areview,
   author = {Adomian, G},
   title = {A review of the decomposition method in applied mathematics},
   journal = {Journal of Mathematical Analysis and Applications},
   volume = {135},
   number = {2},
   pages = {501-544.},
   year = {1988},
   type = {Journal Article}
}

@article{ahmed2013kinks,
   author = {Ahmed, BS and Zerrad, E and Biswas, A},
   title = {Kinks and domain walls of the {Zakharov} equation in plasmas},
   journal = {Proceedings of the Romanian Academy {-} Series A: Mathematics, Physics, Technical Sciences, Information Science},
   volume = {14},
   number = {4},
   pages = {281-286.},
   year = {2013},
   type = {Journal Article}
}

@article{bellen1994contractivity,
   author = {Bellen, A and Jackiewicz, Z and Zennaro, M},
   title = {Contractivity of waveform relaxation {Runge-Kutta} iterations and related limit methods for dissipative systems in the maximum norm},
   journal = {SIAM Journal on Numerical Analysis},
   volume = {31},
   number = {2},
   pages = {499-523.},
   year = {1994},
   type = {Journal Article}
}

@article{bellen1993use,
   author = {Bellen, A and Zennaro, M},
   title = {The use of {Runge-Kutta} formulae in waveform relaxation methods},
   journal = {Applied Numerical Mathematics},
   volume = {11},
   number = {1},
   pages = {95-114.},
   year = {1993},
   type = {Journal Article}
}

@article{bhrawy2013soli,
   author = {Bhrawy, AH and Abdelkawy, MA and Kumar, S and {et al}},
   title = {Solitons and other solutions to quantum {Zakharov-Kuznetsov} equation in quantum magneto-plasmas},
   journal = {Indian Journal of Physics},
   volume = {87},
   number = {5},
   pages = {455-463.},
   year = {2013},
   type = {Journal Article}
}

@article{biswas20091soli,
   author = {Biswas, A},
   title = {1{-}soliton solution of the generalized {Zakharov-Kuznetsov} equation with nonlinear dispersion and time{-}dependent coefficients},
   journal = {Physics Letters A},
   volume = {373},
   number = {33},
   pages = {2931-2934.},
   year = {2009},
   type = {Journal Article}
}

@article{biswas2013soli,
   author = {Biswas, A and Song, M},
   title = {Soliton solution and bifurcation analysis of the {Zakharov-Kuznetsov-Benjamin-Bona-Mahoney} equation with power law nonlinearity},
   journal = {Communications in Nonlinear Science and Numerical Simulation},
   volume = {18},
   number = {7},
   pages = {1676-1683.},
   year = {2013},
   type = {Journal Article}
}

@article{borges2008improved,
   author = {Borges, R and Carmona, M and Costa, B and {et al}},
   title = {An improved weighted essentially non{-}oscillatory scheme for hyperbolic conservation laws},
   journal = {Journal of Computational Physics},
   volume = {227},
   number = {6},
   pages = {3191-3211.},
   year = {2008},
   type = {Journal Article}
}

@article{bras2011anonlinear,
   author = {Bras, S and Cunha, R and Vasconcelos, JF and {et al}},
   title = {A nonlinear attitude observer based on active vision and inertial measurements},
   journal = {IEEE Transactions on Robotics},
   volume = {27},
   number = {4},
   pages = {664-677.},
   year = {2011},
   type = {Journal Article}
}

@article{brugnano2014multi,
   author = {Brugnano, L and Sun, YJ},
   title = {Multiple invariants conserving {Runge-Kutta} type methods for {Hamiltonian} problems},
   journal = {Numerical Algorithms},
   volume = {65},
   number = {3},
   pages = {611-632.},
   year = {2014},
   type = {Journal Article}
}

@article{bruls2012lie,
   author = {Brüls, O and Cardona, A and Arnold, M},
   title = {Lie group {generalized{-}α} time integration of constrained flexible multibody systems},
   journal = {Mechanism \& Machine Theory},
   volume = {48},
   number = {1},
   pages = {121-137.},
   year = {2012},
   type = {Journal Article}
}

@article{bulychev2001numerical,
   author = {Bulychev, YG},
   title = {Numerical integration of ordinary differential equations using parametric regularization},
   journal = {Izvestiya Vysshikh Uchebnykh Zavedenii. Matematika},
   volume = {2001},
   number = {7},
   pages = {7-14.},
   year = {2001},
   type = {Journal Article}
}

@article{buono2003numerical,
   author = {Buono, ND and Lopez, L},
   title = {Numerical integration of a class of ordinary differential equations on the general linear group of matrices},
   journal = {Numerical Algorithms},
   volume = {34},
   number = {2-4},
   pages = {271-281.},
   year = {2003},
   type = {Journal Article}
}

@article{burrage2014structure,
   author = {Burrage, PM and Burrage, K},
   title = {Structure{-}preserving {Runge-Kutta} methods for stochastic {Hamiltonian} equations with additive noise},
   journal = {Numerical Algorithms},
   volume = {65},
   number = {3},
   pages = {519-532.},
   year = {2014},
   type = {Journal Article}
}

@article{chris2011topics,
   author = {Christiansen, SH and Munthe{-}Kaas, HZ and Owren, B},
   title = {Topics in structure{-}preserving discretization},
   journal = {Acta Numerica},
   volume = {20},
   number = {20},
   pages = {1-119.},
   year = {2011},
   type = {Journal Article}
}

@article{courant1967onthe,
   author = {Courant, R and Friedrichs, K and Lewy, H},
   title = {On the partial difference equations of mathematical physics},
   journal = {IBM journal},
   volume = {11},
   number = {2},
   pages = {215-234.},
   year = {1967},
   type = {Journal Article}
}

@article{crouch1993numerical,
   author = {Crouch, PE and Grossman, R.},
   title = {Numerical integration of ordinary differential equations on manifolds},
   journal = {Journal of Nonlinear Science},
   volume = {3},
   number = {1},
   pages = {1-33.},
   year = {1993},
   type = {Journal Article}
}

@article{cui2013convergence,
   author = {Cui, MR},
   title = {Convergence analysis of high{-}order compact alternating direction implicit schemes for the two{-}dimensional time fractional diffusion equation},
   journal = {Numerical Algorithms},
   volume = {62},
   number = {3},
   pages = {383-409.},
   year = {2013},
   type = {Journal Article}
}

@article{elganaini2011tra,
   author = {El{-}Ganaini, SI},
   title = {Travelling wave solutions of the {Zakharov-Kuznetsov} equation in plasmas with power law nonlinearity},
   journal = {International Journal of Contemporary Mathematical Sciences},
   volume = {6},
   number = {48},
   pages = {2353-2366.},
   year = {2011},
   type = {Journal Article}
}

@article{faleinsen2001multi,
   author = {Faltinsen, S and Marthinsen, A and Munthe{-}Kaas, HZ},
   title = {Multistep methods integrating ordinary differential equations on manifolds},
   journal = {Applied Numerical Mathematics},
   volume = {39},
   number = {3-4},
   pages = {349-365.},
   year = {2001},
   type = {Journal Article}
}

@article{fan2015using,
   author = {Fan, ZC},
   title = {Using waveform relaxation methods to approximate neutral stochastic functional differential equation systems},
   journal = {Applied Mathematics and Computation},
   volume = {263},
   number = {C},
   pages = {151-164.},
   year = {2015},
   type = {Journal Article}
}

@article{garcla2011onalg,
   author = {Garcia, LA and Allan, JJ and Kerber, RE},
   title = {On algebraic structures of numerical integration on vector spaces and manifolds},
   journal = {Resuscitation},
   volume = {47},
   number = {3},
   pages = {301-305.},
   year = {2011},
   type = {Journal Article}
}

@article{godleswski2004the,
   author = {Godlewski, E and Raviart, PA},
   title = {The numerical interface coupling of nonlinear hyperbolic systems of conservation laws: {I}. the scalar case},
   journal = {Numerische Mathematik},
   volume = {97},
   number = {1},
   pages = {81-130.},
   year = {2004},
   type = {Journal Article}
}

@article{guner2015bright,
   author = {G\"{u}ner, {\"{O}} and Bekir, A and Moraru, L and {et al}},
   title = {Bright and dark soliton solutions of the generalized {Zakharov-Kuznetsov-Benjamin-Bona-Mahony} nonlinear evolution equation},
   journal = {Proceedings of the Romanian Academy Series A{-}mathematics Physics Technical Sciences Information Science},
   volume = {16},
   number = {3},
   pages = {422-429.},
   year = {2015},
   type = {Journal Article}
}

@inbook{hairer2014challenges,
   author = {Hairer, E},
   title = {Challenges in geometric numerical integration[M]},
   booktitle = {Trends in Contemporary Mathematics},
   publisher = {Springer},
   pages = {125-135.},
   ISBN = {3319052535},
   year = {2014},
   type = {Book Section}
}

@article{hassanzadeh2014two,
   author = {Hassanzadeh, Z and Salkuyeh, DK},
   title = {Two{-}stage waveform relaxation method for the initial value problems with non{-}constant coefficients},
   journal = {Computational and Applied Mathematics},
   volume = {33},
   number = {3},
   pages = {641-654.},
   year = {2014},
   type = {Journal Article}
}

@article{hong2006multi,
   author = {Hong, JL and Liu, HY and Sun, G},
   title = {The multi{-}symplecticity of partitioned {Runge-Kutta} methods for {Hamiltonian PDE}s},
   journal = {Mathematics of Computation},
   volume = {75},
   number = {253},
   pages = {167-181.},
   year = {2006},
   type = {Journal Article}
}

@article{hong2000numerical,
   author = {Hong, JL and Liu, Ying},
   title = {Numerical simulation of periodic and quasiperiodic solutions for nonautonomous {Hamiltonian} systems via the scheme preserving weak invariance},
   journal = {Computer Physics Communications},
   volume = {131},
   number = {1},
   pages = {86-94.},
   year = {2000},
   type = {Journal Article}
}

@article{ibragimov2006inte,
   author = {Ibragimov, NH},
   title = {Integrating factors, adjoint equations and {L}agrangians},
   journal = {Journal of Mathematical Analysis and Applications},
   volume = {318},
   number = {2},
   pages = {742-757.},
   year = {2006},
   type = {Journal Article}
}

@article{ibragimov2007anew,
   author = {Ibragimov, NH},
   title = {A new conservation theorem},
   journal = {Journal of Mathematical Analysis and Applications},
   volume = {333},
   number = {1},
   pages = {311-328.},
   year = {2007},
   type = {Journal Article}
}

@article{arieh2005liegroup,
   author = {Iserles, A and Munthe{-}Kaas, HZ and Oslash and {et al}},
   title = {Lie{-}group methods},
   journal = {Acta Numerica},
   volume = {9},
   number = {2},
   pages = {215-365.},
   year = {2000},
   type = {Journal Article}
}

@article{iwasaki1990cylin,
   author = {Iwasaki, H and Toh, S and Kawahara, T},
   title = {Cylindrical quasi{-}solitons of the Zakharov{-}Kuznetsov equation},
   journal = {Physica D: Nonlinear Phenomena},
   volume = {43},
   number = {2},
   pages = {293-303.},
   year = {1990},
   type = {Journal Article}
}

@article{jiang2006windowing,
   author = {Jiang, YL},
   title = {Windowing waveform relaxation of initial value problems},
   journal = {Acta Mathematicae Applicatae Sinica},
   volume = {22},
   number = {4},
   pages = {575-588.},
   year = {2006},
   type = {Journal Article}
}

@article{jiwari2012numerical,
   author = {Jiwari, R and Pandit, S and Mittal, RC},
   title = {Numerical simulation of two{-}dimensional sine{-}Gordon solitons by differential quadrature method},
   journal = {Computer Physics Communications},
   volume = {183},
   number = {3},
   pages = {600-616.},
   year = {2012},
   type = {Journal Article}
}

@article{johnpilai2011sym,
   author = {Johnpillai, AG and Kara, AH and Biswas, A},
   title = {Symmetry solutions and reductions of a class of generalized. 2 C 1/{-}dimensional {Zakharov-Kuznetsov} equation},
   journal = {International Journal of Nonlinear Sciences and Numerical Simulation},
   volume = {12},
   number = {1-8},
   pages = {45-50.},
   year = {2011},
   type = {Journal Article}
}

@article{kalogiratou2014fourth,
   author = {Kalogiratou, Z and Monovasilis, TH and Simos, TE},
   title = {A fourth order modified trigonometrically fitted symplectic {Runge-Kutta-N}ystr\"{o}m method},
   journal = {Computer Physics Communications},
   volume = {185},
   number = {12},
   pages = {3151-3155.},
   year = {2014},
   type = {Journal Article}
}

@article{kalogiratou2015,
   author = {Kalogiratou, Z and Monovasilis, TH and Simos, TE},
   title = {Symplectic {Runge-Kutta-N}ystr\"{o}m methods with phase{-}lag order 8 and infinity},
   journal = {Applied Mathematics},
   volume = {9},
   number = {3},
   pages = {1105-1112.},
   year = {2015},
   type = {Journal Article}
}

@article{khan2008linear,
   author = {Khan, SA and Masood, W},
   title = {Linear and nonlinear quantum ion{-}acoustic waves in dense magnetized electron{-}positron{-}ion plasmas},
   journal = {Physics of Plasmas},
   volume = {15},
   number = {6},
   pages = {062301-062301-6.},
   year = {2008},
   type = {Journal Article}
}

@article{klein2013numerical,
   author = {Klein, C and Roidot, K},
   title = {Numerical study of shock formation in the dispersionless {Kadomtsev-Petviashvili} equation and dispersive regularizations},
   journal = {Nonlinearity},
   volume = {29},
   number = {6},
   pages = {1-25.},
   year = {2013},
   type = {Journal Article}
}

@article{krishnan2010sol,
   author = {Krishnan, EV and Biswas, A},
   title = {Solutions to the {Zakharov-Kuznetsov} equation with higher order nonlinearity by mapping and ansatz methods},
   journal = {Physics of Wave Phenomena},
   volume = {18},
   number = {4},
   pages = {256-261.},
   year = {2010},
   type = {Journal Article}
}

@article{kroshko2011integrating,
   author = {Kroshko, A},
   title = {Integrating{-}factor{-}based 2{-}additive {Runge-Kutta} methods for advection{-}reaction{-}diffusion equations},
   journal = {Software Engineering},
   year = {2011.},
   type = {Journal Article}
}

@article{ladics2015error,
   author = {Ladics, T},
   title = {Error analysis of waveform relaxation method for semi{-}linear partial differential equations},
   journal = {Journal of Computational and Applied Mathematics},
   volume = {285},
   number = {C},
   pages = {15-31.},
   ISSN = {0377-0427},
   year = {2015},
   type = {Journal Article}
}

@article{lelarasmee1982waveform,
   author = {Lelarasmee, E and Ruehli, AE and Sangiovanni{-}Vincentelli, AL},
   title = {The waveform relaxation method for time{-}domain analysis of large scale integrated circuits},
   journal = {IEEE Transactions on Computer{-}Aided Design of Integrated Circuits and Systems},
   volume = {1},
   number = {3},
   pages = {131-145.},
   year = {1982},
   type = {Journal Article}
}

@article{li2015asym,
   author = {Li, MW and Peng, HJ and Zhong, WX},
   title = {A symplectic sequence iteration approach for nonlinear optimal control problems with state{-}control constraints},
   journal = {Journal of the Franklin Institute},
   volume = {352},
   number = {6},
   pages = {2381-2406.},
   year = {2015},
   type = {Journal Article}
}

@article{liao2016multi,
   author = {Liao, CC and Shen, WQ and Ding, XH},
   title = {Multi{-}symplectic variational integrators for the {Gross-Pitaevskii equations in BEC}},
   journal = {Applied Mathematics Letters},
   volume = {60},
   pages = {120-125.},
   year = {2016},
   type = {Journal Article}
}

@article{linares2009well,
   author = {Linares, F and Pastor, A},
   title = {Well{-}posedness for the two{-}dimensional modified {Zakharov-Kuznetsov} equation},
   journal = {SIAM Journal on Mathematical Analysis},
   volume = {41},
   number = {4},
   pages = {1323-1339.},
   year = {2009},
   type = {Journal Article}
}

@article{linares2011local,
   author = {Linares, F and Pastor, A},
   title = {Local and global well{-}posedness for the 2{D} generalized {Zakharov-Kuznetsov} equation},
   journal = {Journal of Functional Analysis},
   volume = {260},
   number = {4},
   pages = {1060-1085.},
   year = {2011},
   type = {Journal Article}
}

@article{liu2011waveform,
   author = {Liu, J and Jiang, YL},
   title = {Waveform relaxation for reaction{-}diffusion equations},
   journal = {Journal of Computational and Applied Mathematics},
   volume = {235},
   number = {17},
   pages = {5040-5055.},
   year = {2011},
   type = {Journal Article}
}

@article{ma2015sto,
   author = {Ma, Q and Ding, XH},
   title = {Stochastic symplectic partitioned {Runge-Kutta} methods for stochastic {Hamiltonian} systems with multiplicative noise},
   journal = {Applied Mathematics and Computation},
   volume = {252},
   number = {2},
   pages = {520-534.},
   ISSN = {0096-3003},
   year = {2015},
   type = {Journal Article}
}

@article{monovasilis2013exponentially,
   author = {Monovasilis, Th and Kalogiratou, Z and Simos, TE},
   title = {Exponentially fitted symplectic {Runge-Kutta-N}ystr\"{o}m methods},
   journal = {Applied Mathematics \& Information Sciences},
   volume = {7},
   number = {1},
   pages = {81-85.},
   year = {2013},
   type = {Journal Article}
}

@article{morris2013soli,
   author = {Morris, R and Kara, AH and Biswas, A},
   title = {Soliton solution and conservation laws of the {Zakharov} equation in plasmas with power law nonlinearity},
   journal = {Nonlinear Analysis: Modelling and Control},
   volume = {18},
   number = {2},
   pages = {153-159.},
   year = {2013},
   type = {Journal Article}
}

@article{moslem2007soli,
   author = {Moslem, WM and Ali, S and Shukla, PK and Tang, XY and {et al}},
   title = {Solitary, explosive, and periodic solutions of the quantum {Zakharov-Kuznetsov} equation and its transverse instability},
   journal = {Physics of Plasmas},
   volume = {14},
   number = {8},
   pages = {1064-1070.},
   year = {2007},
   type = {Journal Article}
}

@article{mothibi2015con,
   author = {Mothibi, DM and Khalique, CM},
   title = {Conservation laws and exact solutions of a generalized {Zakharov-Kuznetsov} equation},
   journal = {Symmetry},
   volume = {7},
   number = {2},
   pages = {949-961.},
   year = {2015},
   type = {Journal Article}
}

@article{moussa2001simi,
   author = {Moussa, MHM},
   title = {Similarity solutions to non{-}linear partial differential equation of physical phenomena represented by the {Zakharov-Kuznetsov} equation},
   journal = {International Journal of Engineering Science},
   volume = {39},
   number = {14},
   pages = {1565-1575.},
   year = {2001},
   type = {Journal Article}
}

@article{munro2000sta,
   author = {Munro, S and Parkes, EJ},
   title = {Stability of solitary{-}wave solutions to a modified {Zakharov-Kuznetsov} equation},
   journal = {Journal of Plasma Physics},
   volume = {64},
   number = {04},
   pages = {411-426.},
   year = {2000},
   type = {Journal Article}
}

@article{mk1996lie,
   author = {Munthe{-}Kaas, HZ},
   title = {Lie{-}{Butcher} theory for {Runge-Kutta} methods},
   journal = {BIT},
   volume = {35},
   number = {4},
   pages = {572-587.},
   year = {1996},
   type = {Journal Article}
}

@article{mk1998runge,
   author = {Munthe{-}Kaas, HZ},
   title = {Runge{-}{Kutta} methods on {Lie} groups},
   journal = {{BIT} Numerical Mathematics},
   volume = {38},
   number = {1},
   pages = {92-111.},
   year = {1998},
   type = {Journal Article}
}

@article{mk1999high,
   author = {Munthe{-}Kaas, HZ},
   title = {High order {Runge{-}Kutta} methods on manifolds},
   journal = {Applied Numerical Mathematics},
   volume = {29},
   number = {1},
   pages = {115-127.},
   year = {1999},
   type = {Journal Article}
}

@article{munthe2013onpost,
   author = {Munthe{-}Kaas, HZ and Lundervold, A},
   title = {On {post-Lie algebras, Lie-Butcher} series and moving frames},
   journal = {Foundations of Computational Mathematics},
   volume = {13},
   number = {4},
   pages = {583-613.},
   year = {2013},
   type = {Journal Article}
}

@article{mushtaq2005non,
   author = {Mushtaq, A and Shah, HA},
   title = {Nonlinear {Zakharov-Kuznetsov} equation for obliquely propagating two{-}dimensional ion{-}acoustic solitary waves in a relativistic, rotating magnetized electron{-}positron{-}ion plasma},
   journal = {Physics of Plasmas},
   volume = {12},
   number = {7},
   pages = {072306-072306-8.},
   year = {2005},
   type = {Journal Article}
}

@article{naher2011exp,
   author = {Naher, H and Abdullah, FA and Akbar, MA},
   title = {The {Exp}{-}function method for new exact solutions of the nonlinear partial differential equations},
   journal = {International Journal of the Physical Sciences},
   volume = {6},
   number = {29},
   pages = {6706-6716.},
   year = {2011},
   type = {Journal Article}
}

@article{nakanishi2011global,
   author = {Nakanishi, K and Schlag, W},
   title = {Global dynamics above the ground state energy for the cubic {NLS} equation in {3D}},
   journal = {Calculus of Variations and Partial Differential Equations},
   volume = {44},
   number = {1-2},
   pages = {1-45.},
   year = {2012},
   type = {Journal Article}
}

@article{ostermann2010exponential,
   author = {Ostermann, A},
   title = {Exponential integrators},
   journal = {Acta Numerica},
   volume = {19},
   number = {434},
   pages = {209-286.},
   year = {2010},
   type = {Journal Article}
}

@article{owren2000the,
   author = {Owren, B and Welfert, B},
   title = {The {Newton iteration on Lie} groups},
   journal = {Bit Numerical Mathematics},
   volume = {40},
   number = {1},
   pages = {121-145.},
   year = {2000},
   type = {Journal Article}
}

@article{peng2008exact,
   author = {Peng, YZ},
   title = {Exact travelling wave solutions for the {Zakharov-Kuznetsov} equation},
   journal = {Applied Mathematics and Computation},
   volume = {199},
   number = {2},
   pages = {397-405.},
   year = {2008},
   type = {Journal Article}
}

@article{sabry2009non,
   author = {Sabry, R and Moslem, WM and Haas, F and {et al}},
   title = {Nonlinear structures: explosive, soliton and shock in a quantum electron{-}positron{-}ion magnetoplasma},
   journal={Physics of Plasmas},
   volume={15},
   number={12},
   pages={837-849.},
   year={2009},
   type = {Journal Article}
}

@article{sanz1988runge,
   author = {Sanz{-}Serna, JM},
   title = {Runge{-}{Kutta} schemes for {Hamiltonian} systems},
   journal = {{BIT} Numerical Mathematics},
   volume = {28},
   number = {4},
   pages = {877-883.},
   year = {1988},
   type = {Journal Article}
}

@article{sheikholeslami2012homotopy,
   author = {Sheikholeslami, M and Ashorynejad, HR and Ganji, DD and {et al}},
   title = {Homotopy perturbation method for three{-}dimensional problem of condensation film on inclined rotating disk},
   journal = {Scientia Iranica},
   volume = {19},
   number = {3},
   pages = {437-442.},
   year = {2012},
   type = {Journal Article}
}

@article{sheikholeslami2012analytical,
   author = {Sheikholeslami, M and Ganji, DD and Ashorynejad, HR and {et al}},
   title = {Analytical investigation of {Jeffery-Hamel} flow with high magnetic field and nanoparticle by Adomian decomposition method},
   journal = {Applied Mathematics and Mechanics},
   volume = {33},
   number = {1},
   pages = {25-36.},
   year = {2012},
   type = {Journal Article}
}

@article{shen2014improvement,
   author = {Shen, YQ and Zha, GC},
   title = {Improvement of weighted essentially non{-}oscillatory schemes near discontinuities},
   journal = {Computers \& Fluids},
   volume = {96},
   number = {12},
   pages = {1-9.},
   year = {2014},
   type = {Journal Article}
}

@article{sjoberg2007dou,
   author = {Sjöberg, A},
   title = {Double reduction of PDEs from the association of symmetries with conservation laws with applications},
   journal = {Applied Mathematics and Computation},
   volume = {184},
   number = {2},
   pages = {608-616.},
   year = {2007},
   type = {Journal Article}
}

@article{song2013top,
   author = {Song, M and Ahmed, BS and Biswas, A},
   title = {Topological soliton solution and bifurcation analysis of the {Klein-Gordon-Zakharov} equation in{-}dimensions with power law nonlinearity},
   journal = {Journal of Applied Mathematics},
   volume = {2013},
   number = {3},
   pages = {779-788.},
   year = {2013},
   type = {Journal Article}
}

@article{song2013dom,
   author = {Song, M and Ahmed, BS and Zerrad, E and {et al}},
   title = {Domain wall and bifurcation analysis of the {Klein-Gordon Zakharov} equation in (1 + 2){-}dimensions with power law nonlinearity},
   journal = {Chaos},
   volume = {23},
   number = {3},
   pages = {1558-1564.},
   year = {2013},
   type = {Journal Article}
}

@article{sonneville2014geome,
   author = {Sonneville, V and Cardona, A and Brüls, O},
   title = {Geometrically exact beam finite element formulated on the special {E}uclidean group SE(3)SE(3)},
   journal = {Computer Methods in Applied Mechanics \& Engineering},
   volume = {268},
   number = {1},
   pages = {451-474.},
   year = {2014},
   type = {Journal Article}
}

@article{wang2014ahigh,
   author = {Wang, B and Wu, XY},
   title = {A highly accurate explicit symplectic {ERKN} method for multi{-}frequency and multidimensional oscillatory {Hamiltonian} systems},
   journal = {Numerical Algorithms},
   volume = {65},
   number = {3},
   pages = {705-721.},
   year = {2014},
   type = {Journal Article}
}

@article{wang2014soli,
   author = {Wang, GW and Xu, TZ and Johnson, S and {et al}},
   title = {Solitons and {Lie} group analysis to an extended quantum {Zakharov-Kuznetsov} equation},
   journal = {Astrophysics and Space Science},
   volume = {349},
   number = {1},
   pages = {317-327.},
   year = {2014},
   type = {Journal Article}
}

@article{wang2013multi,
   author = {Wang, JJ and Wang, LT},
   title = {Multi-symplectic {Preissmann} scheme for a high order wave equation of {KdV} type},
   journal = {Applied Mathematics and Computation},
   volume = {219},
   number = {9},
   pages = {4400-4409.},
   year = {2013},
   type = {Journal Article}
}

@article{wazwaz2005exact,
   author = {Wazwaz, AM},
   title = {Exact solutions with solitons and periodic structures for the {Zakharov-Kuznetsov (ZK)} equation and its modified form},
   journal = {Communications in Nonlinear Science and Numerical Simulation},
   volume = {10},
   number = {6},
   pages = {597-606.},
   year = {2005},
   type = {Journal Article}
}

@article{wazwaz2008the,
   author = {Wazwaz, AM},
   title = {The extended tanh method for the {Zakharov-Kuznetsov (ZK)} equation, the modified {ZK} equation, and its generalized forms},
   journal = {Communications in Nonlinear Science and Numerical Simulation},
   volume = {13},
   number = {6},
   pages = {1039-1047.},
   year = {2008},
   type = {Journal Article}
}

@article{wazwaz2012soli,
   author = {Wazwaz, AM},
   title = {Solitary waves solutions for extended forms of quantum {Zakharov-Kuznetsov} equations},
   journal = {Physica Scripta},
   volume = {85},
   number = {85},
   pages = {25006-25011(6).},
   year = {2012},
   type = {Journal Article}
}

@article{wu2013variational,
   author = {Wu, GC and Baleanu, D},
   title = {Variational iteration method for the {Burgers} flow with fractional derivatives {-} new {L}agrange multipliers},
   journal = {Applied Mathematical Modelling},
   volume = {37},
   number = {9},
   pages = {6183-6190.},
   year = {2013},
   type = {Journal Article}
}

@article{xin2016birkhoffian,
   author = {Kong , XL and Wu , HB and Mei , FX},
   title = {Birkhoffian symplectic algorithms derived from {H}amiltonian symplectic algorithms},
   journal = {Chinese Physics B},
   volume = {25},
   number = {1},
   pages = {407-411.},
   year = {2016.},
   type = {Journal Article}
}

@article{yan2009per,
   author = {Yan, ZY},
   title = {Periodic, solitary and rational wave solutions of the 3D extended quantum {Zakharov-Kuznetsov} equation in dense quantum plasmas},
   journal = {Physics Letters A},
   volume = {373},
   number = {29},
   pages = {2432-2437.},
   year = {2009},
   type = {Journal Article}
}

@article{yang2009extended,
   author = {Yang, HL and Wu, XY and You, X and {et al}},
   title = {Extended {RKN}{-}type methods for numerical integration of perturbed oscillators},
   journal = {Computer Physics Communications},
   volume = {180},
   number = {10},
   pages = {1777-1794.},
   year = {2009},
   type = {Journal Article}
}

@article{yasar2010con,
   author = {Yaşar, E and Özer, T},
   title = {Conservation laws for one{-}layer shallow water wave systems},
   journal = {Nonlinear Analysis: Real World Applications},
   volume = {11},
   number = {2},
   pages = {838-848.},
   year = {2010},
   type = {Journal Article}
}

@article{zakharov1974on,
   author = {Zakharov, VE and Kuznetsov, EA},
   title = {Three{-}dimensional solitons},
   journal = {Zhurnal Eksperimentalnoi I Teroreticheskoi Fiziki},
   volume = {29},
   number = {66},
   pages = {594-597.},
   year = {1974},
   type = {Journal Article}
}

@article{zaletkin2010numerical,
   author = {Zaletkin, SF},
   title = {Numerical integration of ordinary differential equations using orthogonal expansions},
   journal = {Science Research Computing Center of Moscow State University},
   volume = {22},
   number = {1},
   pages = {69-85.},
   year = {2010},
   type = {Journal Article}
}

@article{zhang2010new,
   author = {Zhang, BG and Liu, ZR and Xiao, Q},
   title = {New exact solitary wave and multiple soliton solutions of quantum {Zakharov-Kuznetsov} equation},
   journal = {Applied Mathematics and Computation},
   volume = {217},
   number = {1},
   pages = {392-402.},
   year = {2010},
   type = {Journal Article}
}

@article{zhang1996note,
   author = {Zhang, H},
   title = {A note on windowing for the waveform relaxation method},
   journal = {Applied mathematics and computation},
   volume = {76},
   number = {1},
   pages = {49-63.},
   year = {1996},
   type = {Journal Article}
}

@article{zhang2010anote,
   author = {Zhang, LH and Wang, Y},
   title = {A note on existence of a unique periodic solution of non{-}autonomous second{-}order {Hamiltonian} systems},
   journal = {Journal of the Franklin Institute},
   volume = {347},
   number = {5},
   pages = {781-794.},
   year = {2010},
   type = {Journal Article}
}

@article{munro2014con,
    author={Muatjetjeja, B and Khalique, CM},
    title={Conservation laws for a variable coefficient variant {B}oussinesq system},
    journal={Abstract \& Applied Analysis},
    volume={2014},
    number={3},
    pages={1-5.},
    year={2013},
    type = {Journal Article}
}

@book{billo1992numerical,
   author = {Billo, EJ},
   title = {Numerical Integration of Ordinary Differential Equations Part II: Boundary Conditions[M]},
   publisher = {John Wiley \& Sons, Inc.},
   address = {Hoboken},
   year = {1992.},
   type = {Book}
}

@book{bluman2008symmetry,
   author = {Bluman, GW and Anco, S},
   title = {Symmetry and Integration Methods for Differential Equations[M]},
   publisher = {Springer},
   address = {New York},
   year = {2008.},
   type = {Book}
}

@book{bluman2010appli,
   author = {Bluman, GW and Cheviakov, AF and Anco, SC},
   title = {Applications of symmetry methods to partial differential equations[M]},
   publisher = {Springer},
   address = {New York},
   year = {2010.},
   type = {Book}
}

@book{burrage1995parallel,
   author = {Burrage, K},
   title = {Parallel and Sequential Methods for Ordinary Differential Equations[M]},
   publisher = {Clarendon Press},
   address = {New York},
   year = {1995.},
   type = {Book}
}

@book{feng2010symplectic,
   author = {Feng, K and Qin, MZ},
   title = {Symplectic Geometric Algorithms for {Hamiltonian} Systems[M]},
   publisher = {Springer},
   address = {Berlin},
   year = {2010.},
   type = {Book}
}

@book{frankel2011geometry,
   author = {Frankel, T},
   title = {The Geometry of Physics: an Introduction[M]},
   publisher = {Cambridge University Press},
   address = {Cambridge},
   year = {2011.},
   type = {Book}
}

@book{hairer2006geometric,
   author = {Hairer, E and Lubich, C and Wanner, G},
   title = {Geometric Numerical Integration: Structure{-}Preserving Algorithms for Ordinary Differential Equations[M]},
   publisher = {Springer},
   address = {Springer Berlin Heidelberg},
   year = {2006.},
   type = {Book}
}

@book{peter2000sym,
   author = {Hydon, PE},
   title = {Symmetry Methods for Differential Equations: a Beginner's Guide[M]},
   publisher = {Cambridge University Press},
   address = {Cambridge},
   year = {2000.},
   type = {Book}
}

@book{arieh2009afirst,
   author = {Iserles, A},
   title = {A First Course in the Numerical Analysis of Differential Equations[M]},
   publisher = {Cambridge university press},
   address = {Cambridge},
   year = {2009.},
   type = {Book}
}

@book{kirillov2008anintro,
   author = {Kirillov, AA},
   title = {An Introduction to Lie Groups and Lie Algebras[M]},
   publisher = {Cambridge University Press},
   address = {Cambridge},
   year = {2008.},
   type = {Book}
}

@book{leimkuhler2004simulating,
   author = {Leimkuhler, B and Reich, S},
   title = {Simulating {Hamiltonian} Dynamics[M]},
   publisher = {Cambridge University Press},
   address = {Cambridge},
   year = {2004.},
   type = {Book}
}

@book{leveque1992num,
   author = {LeVeque, RJ},
   title = {Numerical Methods for Conservation Laws[M]},
   publisher = {Birkh\"{a}user Basel},
   address = {Birkh\"{a}user Verlag},
   year = {1992.},
   type = {Book}
}

@book{ludwig2000rf,
   author = {Ludwig, R},
   title = {RF Circuit Design: Theory and Applications[M]},
   publisher = {Pearson Education India},
   year = {2000.},
   type = {Book}
}

@book{mk1997numerical,
   author = {Munthe{-}Kaas, HZ and Zanna, A},
   title = {Numerical Integration of Differential Equations on Homogeneous Manifolds[M]},
   publisher = {Springer},
   address = {Berlin},
   year = {1997.},
   type = {Book}
}

@book{olver2000app,
   author = {Olver, PJ},
   title = {Applications of {Lie} Groups to Differential Equations[M]},
   publisher = {Springer},
   address = {Springer New York},
   year = {2000.},
   type = {Book}
}

@book{polyanin2001handbook,
   author = {Polyanin, AD},
   title = {Handbook of Linear Partial Differential Equations for Engineers and Scientists[M]},
   publisher = {Chapman \& Hall},
   address = {London},
   year = {2001.},
   type = {Book}
}

@book{calvo1994numerical,
   author = {Sanz{-}Serna, JM and Calvo, MP},
   title = {Numerical Hamiltonian Problems, Volume 7 of Applied Mathematics and Mathematical Computation[M]},
   publisher = {Chapman \& Hall},
   address = {London},
   year = {1994.},
   type = {Book}
}

@book{jacob1985waveform,
   author = {White, J and Odeh, F and Vincentelli, AS and {et al}},
   title = {Waveform Relaxation: Theory and Practice[M]},
   year = {1985.},
   type = {Book}
}

@book{wu2013struc,
   author = {Wu, XY and You, X and Wang, B},
   title = {Structure{-}Preserving Algorithms for Oscillatory Differential Equations[M]},
   publisher = {Springer},
   address = {Berlin},
   year = {2013.},
   type = {Book}
}

@book{feng2003sym,
   author = {冯康;秦孟兆},
   title = {哈密尔顿系统的辛几何算法[M]},
   publisher = {浙江科学技术出版社},
   address = {杭州},
   year = {2003.},
   type = {Book}
}

@book{qin2011struc,
   author = {秦孟兆;王雨顺},
   title = {偏微分方程中的保结构算法[M]},
   publisher = {浙江科学技术出版社},
   address = {杭州},
   year = {2011.},
   type = {Book}
}

@book{jiang2009wr,
   author = {蒋耀林},
   title = {波形松弛方法[M]},
   publisher = {科学出版社},
   address = {北京},
   year = {2009.},
   type = {Book}
}

@book{wanner1983fun,
   author={Warner, FW},
   title={Foundations of Differentiable Manifolds and Lie Groups[M]},
   publisher={Springer},
   address = {New York},
   year={1983.},
   type = {Book}
}

@book{michalas2016numerical,
   author = {Michalas, A and Kalogiratou, Z and Monovasilis, TH and {et al}},
   title = {Numerical integration of Maxwell equations with symplectic integrators[C]//International Conference of Numerical Analysis and Applied Mathematics},
   booktitle = {American Institute of Physics Conference Series},
   pages = {169-208},
   year = {2016:169-208.},
   type = {Conference Proceedings}
}
